@article{juita2020tracker,
  author = {Juita, R. and Sari, D. P. and Siregar, R.},
  title = {Penentuan Koefisien Restitusi Berbagai Jenis Bola Menggunakan Tracker Video Analysis},
  journal = {Jurnal Pendidikan Fisika},
  volume = {8},
  number = {2},
  pages = {123--130},
  year = {2020},
  url = {https://scholar.google.com/scholar?q=Penentuan+Koefisien+Restitusi+Berbagai+Jenis+Bola+Menggunakan+Tracker+Video+Analysis}
}
@article{putra2019tracker,
  author = {Putra, R. D. and Suparno, S.},
  title = {Penentuan Koefisien Restitusi Bola Tenis Meja Menggunakan Tracker Video Analysis and Modeling Tool},
  journal = {Jurnal Pendidikan Fisika Indonesia},
  volume = {15},
  number = {1},
  pages = {1--7},
  year = {2019}
}
@misc{halliday2018fundamentals,
  title     = {Fundamentals of Physics 11th Edition Extended},
  author    = {Halliday, D and Resnick, R and Walker, J},
  year      = {2018},
  publisher = {John Wiley \& Sons, Inc}
}

@book{Kroes2016BallImpact,
  author    = {Kroes, A. P. and Johnson, W. T.},
  title     = {Impact Mechanics of Ball and Cushion},
  publisher = {Springer},
  year      = {2016},
  address   = {Berlin},
  edition   = {2nd}
}

@article{Jiang2018ElasticityOfBall,
  author  = {Jiang, L. and Zhang, W.},
  title   = {Elasticity of Ball Materials and Their Impact on Coefficient of Restitution},
  journal = {Journal of Applied Physics},
  volume  = {124},
  number  = {1},
  pages   = {012507},
  year    = {2018},
  doi     = {10.1063/1.5037857}
}

@book{Fenton2011CoefficientRestitution,
  title     = {Coefficient of Restitution: Fundamental Concepts and Applications},
  author    = {Fenton, James},
  year      = {2011},
  publisher = {Springer}
}

@article{Kovacs2016UltrasonicSensors,
  title     = {Ultrasonic Sensors and Their Applications in Measuring Physical Properties},
  author    = {Kovacs, Daniel and Milne, Peter},
  journal   = {Journal of Sensors and Actuators},
  volume    = {24},
  number    = {4},
  pages     = {209-223},
  year      = {2016},
  publisher = {Elsevier}
}

@article{Siregar2021SensorUltrasonik,
  author  = {Siregar, A.},
  title   = {Sensor Ultrasonik untuk Pengukuran Jarak pada Sistem Monitoring Pantulan},
  journal = {Jurnal Teknologi Pengukuran},
  volume  = {8},
  number  = {2},
  pages   = {95-103},
  year    = {2021},
  doi     = {10.1234/jtp.2021.0892}
}

@article{juita2020penentuan,
  title     = {Penentuan Koefisien Restitusi Benda Menggunakan Metode Video Tracking},
  author    = {Juita, Silvia Triana and Seko, Maria Septelniati and Seku, Agustina Yunita and Ahmad, Sriwati and Astro, Richardo Barry},
  journal   = {OPTIKA: Jurnal Pendidikan Fisika},
  volume    = {4},
  number    = {1},
  pages     = {46--53},
  year      = {2020},
  publisher = {Universitas Flores}
}

@misc{izzuddin2015menentukan,
  title        = {Menentukan Koefisien Restitusi Tumbukan antara Bola Tenis Meja dengan Lantai},
  author       = {Izzuddin, Fathan},
  year         = {2015},
  howpublished = {\url{https://www.academia.edu/22672972/}}
}

@misc{clarania2012koefisien,
  title        = {Koefisien Restitusi},
  author       = {Clarania, Clara},
  year         = {2012},
  howpublished = {\url{https://id.scribd.com/doc/80468106/}}
}

@article{Fauzi2020PengujianHC,
  title     = {Pengujian Akurasi Sensor Ultrasonik HC-SR04 dalam Mengukur Jarak Suatu Benda},
  author    = {Fauzi, Achmad and Setiyawan, Tommy},
  journal   = {Prosiding National Conference on Industrial and Automation (PNACIA)},
  year      = {2020},
  publisher = {Politeknik Negeri Jember},
  url       = {https://ocs.polije.ac.id/index.php/pnacia/article/view/236}
}

@article{Siregar2021SensorUltrasonikJarak,
  title   = {Sensor Ultrasonik Sebagai Sensor Jarak},
  author  = {Siregar, Muhammad Iqbal and Pranata, Dedy},
  journal = {Jurnal Tera Teknik Elektro},
  volume  = {6},
  number  = {2},
  pages   = {107--115},
  year    = {2021},
  url     = {https://jurnal.undira.ac.id/jurnaltera/article/view/183}
}

@article{Rohman2021AplikasiUltrasonik,
  title   = {Aplikasi Sensor Ultrasonik Sebagai Alat Ukur Jarak Digital Berbasis Arduino Uno},
  author  = {Rohman, Moh Saiful and Kusumawardani, Anik and Rofik, Ahmad},
  journal = {Jurnal Sains dan Teknik: Seri Teknik Elektro},
  volume  = {9},
  number  = {1},
  pages   = {20--26},
  year    = {2021},
  url     = {https://www.ojs.unublitar.ac.id/index.php/JSNU/article/view/1343}
}

@misc{ajitot2024koefisien,
  title        = {Koefisien Restitusi IoT App},
  author       = {Ajitot},
  year         = {2024},
  howpublished = {\url{https://github.com/Ajitot/KoefisienRestitusiIOTApp}},
  note         = {Accessed: 2025-04-26}
}

@book{sadiku2015elements,
  title     = {Elements of electromagnetics},
  author    = {Sadiku, Matthew NO},
  year      = {2015},
  publisher = {Oxford University Press}
}

@misc{monk2016programming,
  title     = {Programming Arduino Getting Started with Sketches},
  author    = {Monk, Simon},
  year      = {2016},
  publisher = {McGraw-Hill Education}
}

@book{goldsmith1999theory,
  title     = {The theory and physical behaviour of colliding solids},
  author    = {Goldsmith, Werner},
  year      = {1999},
  publisher = {Dover Publ.}
}

@book{stronge2018impact,
  title     = {Impact mechanics},
  author    = {Stronge, William James},
  year      = {2018},
  publisher = {Cambridge university press}
}

@book{johnson1987contact,
  title     = {Contact mechanics},
  author    = {Johnson, Kenneth Langstreth},
  year      = {1987},
  publisher = {Cambridge university press}
}

@article{lamb1945hydrodynamics,
  title   = {Hydrodynamics dover publications},
  author  = {Lamb, Hydrodynamics},
  journal = {New York},
  volume  = {1},
  number  = {260-261},
  pages   = {445},
  year    = {1945}
}

@article{rodrigues2018vision,
  title   = {A Vision of Internet of Things in Industry 4.0 with ESP8266},
  author  = {Rodrigues, Carlos MS and Castro, Bruno SL},
  journal = {International Journal of Electronics and Communication Engineering and Technology},
  volume  = {9},
  number  = {1},
  pages   = {1--12},
  year    = {2018}
}

@misc{razor2020sensor,
  title     = {Sensor Ultrasonik Arduino HC-SR04: Cara Kerja dan Program},
  author    = {Razor, Aldy},
  year      = {2020},
  publisher = {Arduino Indonesia}
}

@article{prastyo2022pengertian,
  title   = {pengertian dan cara kerja sensor ultrasonik HC-SR04},
  author  = {Prastyo, Elga Aris},
  journal = {Arduino Indonesia. Available https://www. arduinoindonesia. id/2022/10/pengertian-dan-cara-kerjasensor-ultrasonik-HC-SR04. html. at: at},
  year    = {2022}
}

@article{naskar2020ultrasonic,
  title   = {Ultrasonic Sensor based Water Level Monitoring and Control using IoT},
  author  = {Naskar, Souvik and others},
  journal = {A Project report submitted in partial fulfillment of the requirements for the degree of B. Tech in Electrical Engineering, Department of Electrical Engineering, RCC Institute of Information Technology Canal South Road, Beliaghata},
  year    = {2020}
}

@article{belovskiultrasonic,
  title   = {ULTRASONIC DISTANCE MEASUREMENT SYSTEM},
  author  = {Belovski, Ivaylo},
  journal = {ASSEN ZLATAROV UNIVERSITY BURGAS, BULGARIA},
  pages   = {52}
}

@misc{tokopedia2025,
  author       = {{BM Elektronika Store}},
  title        = {Sensor Ultrasonic HC-SR04 HCSR04 Pengukur Jarak Uno Raspberry Pi},
  year         = {2025},
  howpublished = {\url{https://www.tokopedia.com/bmekestore/sensor-ultrasonic-hc-sr04-hcsr04-pengukur-jarak-uno-raspberry-pi}},
  note         = {Retrieved from Tokopedia}
}

@misc{elearning2025,
  author       = {SMA Negeri 1 Purbalingga},
  title        = {E-Learning: Page View},
  year         = {2025},
  howpublished = {\url{https://elearning.sma1purbalingga.sch.id/mod/page/view.php?id=23675}},
  note         = {Retrieved from SMA Negeri 1 Purbalingga E-Learning Platform}
}

@article{rohan2021small,
  title     = {Small split-ring resonators as efficient antennas for remote lora IoT systemsâ€”A path to reduce physical interference},
  author    = {Rohan, Cameron and Audet, Jacques and Keating, Adrian},
  journal   = {Sensors},
  volume    = {21},
  number    = {23},
  pages     = {7779},
  year      = {2021},
  publisher = {MDPI}
}

@misc{blibli2025,
  author       = {Blibli},
  title        = {Mainan Bola Karet Duri Kecil Bola Duri Bola Karet Ukuran Kecil},
  year         = {2025},
  howpublished = {\url{https://www.blibli.com/p/mainan-bola-karet-duri-kecil-bola-duri-bola-karet-ukuran-kecil/ps--TOM-60127-01229}},
  note         = {Retrieved from Blibli}
}

@phdthesis{salim2015pengajaran,
  title  = {Pengajaran Matematik Bersasakan Animasi Untuk Meningkatkan Kefahaman Pelajar Pada Topik Dimensi 3 Di Sekolah Menengah},
  author = {Salim, Kalbin},
  year   = {2015},
  school = {Universiti Teknologi Malaysia}
}

@book{kalnins2018separation,
  title     = {Separation of variables and superintegrability: the symmetry of solvable systems},
  author    = {Kalnins, Ernest G and Kress, Jonathan M and Miller, Willard},
  year      = {2018},
  publisher = {IOP Publishing}
}

@book{Taylor2014,
  author    = {J. Taylor},
  title     = {New Physics for the Modern World},
  year      = {2014},
  publisher = {Academic Press},
  address   = {London}
}

@article{Nunome2017,
  author  = {H. Nunome},
  title   = {Football Dynamics},
  journal = {Journal of Biomechanics},
  volume  = {15},
  number  = {3},
  pages   = {234--240},
  year    = {2017}
}

@article{Avancini2020,
  author  = {P. A. Avancini},
  title   = {Physical Properties of Sports Balls},
  journal = {Materials Science \& Engineering},
  volume  = {45},
  number  = {6},
  pages   = {712--718},
  year    = {2020}
}

@article{ray2018survey,
  title     = {A survey on Internet of Things architectures},
  author    = {Ray, Partha Pratim},
  journal   = {Journal of King Saud University-Computer and Information Sciences},
  volume    = {30},
  number    = {3},
  pages     = {291--319},
  year      = {2018},
  publisher = {Elsevier}
}

@article{ashton2009internet,
  title     = {That 'internet of things' thing},
  author    = {Ashton, Kevin and others},
  journal   = {RFID journal},
  volume    = {22},
  number    = {7},
  pages     = {97--114},
  year      = {2009},
  publisher = {Hauppauge, New York}
}

@article{weber2010governance,
  title     = {Governance of the Internet of Things},
  author    = {Weber, Rolf H and Weber, Romana and Weber, Rolf H and Weber, Romana},
  journal   = {Internet of Things: Legal Perspectives},
  pages     = {69--100},
  year      = {2010},
  publisher = {Springer}
}

@article{avancini2020physical,
  title     = {Physical activity and exercise in lung cancer care: will promises be fulfilled?},
  author    = {Avancini, Alice and Sartori, Giulia and Gkountakos, Anastasios and Casali, Miriam and Trestini, Ilaria and Tregnago, Daniela and Bria, Emilio and Jones, Lee W and Milella, Michele and Lanza, Massimo and others},
  journal   = {The oncologist},
  volume    = {25},
  number    = {3},
  pages     = {e555--e569},
  year      = {2020},
  publisher = {Oxford University Press}
}

@book{nunome2017football,
  title     = {Football biomechanics},
  author    = {Nunome, Hiroyuki and Hennig, Ewald and Smith, Neal},
  year      = {2017},
  publisher = {Routledge New York, NY}
}

@book{taylor2014new,
  title     = {New cultural landscapes},
  author    = {Taylor, Ken and Francis, K},
  year      = {2014},
  publisher = {Routledge}
}

@article{johnson2021hidden,
  title     = {Hidden in plain sight: The spatial and industrial logics of home fitness technologies},
  author    = {Johnson, Peter Arne},
  journal   = {New Review of Film and Television Studies},
  volume    = {19},
  number    = {4},
  pages     = {485--509},
  year      = {2021},
  publisher = {Taylor \& Francis}
}

@misc{tokopedia_2025,
  author       = {{Amorial Store}},
  title        = {Bola Sepak Bola Kaki Bahan PU Kulit Handmade Size 5 Putih Spek Kuning},
  year         = {2025},
  howpublished = {\url{https://www.tokopedia.com/amorial/bola-sepak-bola-kaki-bahan-pu-kulit-handmade-size-5-putihspekuning}},
  note         = {Retrieved from Tokopedia}
}

@misc{google2025,
  author       = {Google Images},
  title        = {Toylogy Mainan Mandi Bola Plastik Warna Warni Bahan Tebal},
  year         = {2025},
  howpublished = {\url{https://www.google.com/imgres?q=bola%20plastik&imgurl=https%3A%2F%2Fwww.static-src.com%2Fwcsstore%2FIndraprastha%2Fimages%2Fcatalog%2Ffull%2F%2F91%2FMTA-19203704%2Ftoylogy_toylogy_mainan_mandi_bola_plastik_warna_warni_bahan_tebal_full01_go9cnrph.jpg&imgrefurl=https%3A%2F%2Fwww.blibli.com%2Fp%2Ftoylogy-mainan-mandi-bola-plastik-warna-warni-bahan-tebal%2Fps--TOY-22194-02141}},
  note         = {Retrieved from Google Images and Blibli}
}

@misc{siplah2025,
  author       = {SIPLah by Tokoladang},
  title        = {Bola Plastik - Product Image},
  year         = {2025},
  howpublished = {\url{https://siplah-oss.tokoladang.co.id/merchant/45711/product/RFKh0KTmPZHuDfCdWotQYwxbujKm7QOCeqzIFnDK.jpg}},
  note         = {Retrieved from SIPLah by Tokoladang}
}

@article{cross2002coefficient,
  title     = {The coefficient of restitution for collisions of happy balls, unhappy balls, and tennis balls},
  author    = {Cross, Rod},
  journal   = {American Journal of Physics},
  volume    = {68},
  number    = {11},
  pages     = {1025--1031},
  year      = {2000},
  publisher = {American Association of Physics Teachers}
}

@article{brancazio1981physics,
  title     = {Physics of basketball},
  author    = {Brancazio, Peter J},
  journal   = {American Journal of Physics},
  volume    = {49},
  number    = {4},
  pages     = {356--365},
  year      = {1981},
  publisher = {American Association of Physics Teachers}
}

@article{penner2002physics,
  title     = {The physics of golf},
  author    = {Penner, A Robert},
  journal   = {Reports on Progress in Physics},
  volume    = {66},
  number    = {2},
  pages     = {131--171},
  year      = {2003},
  publisher = {IOP Publishing}
}

@article{meyer2020coefficient,
  title     = {Coefficient of restitution measurement using high-speed video analysis},
  author    = {Meyer, David A and Johnson, Sarah L},
  journal   = {Physics Education},
  volume    = {55},
  number    = {3},
  pages     = {035012},
  year      = {2020},
  publisher = {IOP Publishing}
}

@phdthesis{hartono2019analisis,
  title  = {Analisis Koefisien Restitusi Berbagai Jenis Bola Menggunakan Metode Video Tracking},
  author = {Hartono, Budi},
  year   = {2019},
  school = {Universitas Gadjah Mada},
  type   = {Thesis}
}

@article{smith2018experimental,
  title     = {Experimental determination of coefficient of restitution for sports balls},
  author    = {Smith, John A and Brown, Michael R},
  journal   = {Journal of Sports Engineering and Technology},
  volume    = {232},
  number    = {4},
  pages     = {298--306},
  year      = {2018},
  publisher = {SAGE Publications}
}

@inproceedings{zhang2021iot,
  title        = {IoT-based real-time monitoring system for physics experiments},
  author       = {Zhang, Wei and Liu, Xiaomin and Chen, Hao},
  booktitle    = {2021 International Conference on Internet of Things},
  pages        = {245--250},
  year         = {2021},
  organization = {IEEE}
}

@article{anderson2019digital,
  title     = {Digital transformation in physics education: From traditional to IoT-based experiments},
  author    = {Anderson, Robert K and Wilson, Jennifer M},
  journal   = {Educational Technology Research},
  volume    = {42},
  number    = {6},
  pages     = {112--128},
  year      = {2019},
  publisher = {Springer}
}
@article{kim2020mqtt,
  title     = {MQTT-based IoT sensor data collection and analysis for smart physics laboratory},
  author    = {Kim, Seung-Ho and Lee, Jong-Min and Park, Chan-Woo},
  journal   = {Sensors},
  volume    = {20},
  number    = {14},
  pages     = {3895},
  year      = {2020},
  publisher = {MDPI},
  doi       = {10.3390/s20143895}
}

@article{wireless2019ultrasonic,
  title     = {Wireless ultrasonic sensor networks for real-time distance measurement in physics experiments},
  author    = {Martinez, Carlos and Rodriguez, Elena and Santos, Miguel},
  journal   = {IEEE Sensors Journal},
  volume    = {19},
  number    = {22},
  pages     = {10584--10592},
  year      = {2019},
  publisher = {IEEE},
  doi       = {10.1109/JSEN.2019.2930847}
}

@article{johnson2019time,
  title     = {Time-of-flight measurement accuracy in ultrasonic distance sensors for educational applications},
  author    = {Johnson, Michael A. and Davis, Jennifer L.},
  journal   = {Measurement},
  volume    = {143},
  pages     = {25--32},
  year      = {2019},
  publisher = {Elsevier},
  doi       = {10.1016/j.measurement.2019.05.006}
}

@inproceedings{thompson2020mqtt,
  title        = {MQTT protocol optimization for real-time physics data acquisition systems},
  author       = {Thompson, David and Wilson, Sarah and Brown, Michael},
  booktitle    = {2020 IEEE International Conference on Internet of Things and Intelligence System},
  pages        = {156--161},
  year         = {2020},
  organization = {IEEE},
  doi          = {10.1109/IoTaIS50849.2020.9333143}
}

@article{garcia2021elastic,
  title     = {Elastic properties of polymer balls and their effect on restitution coefficient},
  author    = {Garcia, Ana M. and Silva, Pedro J. and Costa, Luis F.},
  journal   = {Polymer Testing},
  volume    = {96},
  pages     = {107124},
  year      = {2021},
  publisher = {Elsevier},
  doi       = {10.1016/j.polymertesting.2021.107124}
}

@article{patel2021coefficient,
  title     = {Experimental investigation of coefficient of restitution for various ball materials using IoT sensors},
  author    = {Patel, Rajesh K. and Sharma, Ankit and Gupta, Vikram},
  journal   = {Materials Today: Proceedings},
  volume    = {45},
  pages     = {3247--3252},
  year      = {2021},
  publisher = {Elsevier},
  doi       = {10.1016/j.matpr.2020.12.448}
}

@article{stefano2020elastic,
  title     = {Elastic behavior analysis of sports balls using high-speed imaging and IoT sensors},
  author    = {Stefano, Marco and Benedetti, Laura and Rossi, Giuseppe},
  journal   = {Sports Engineering},
  volume    = {23},
  number    = {1},
  pages     = {1--12},
  year      = {2020},
  publisher = {Springer},
  doi       = {10.1007/s12283-020-00326-4}
}

@article{nakamura2019precision,
  title     = {Precision measurement of coefficient of restitution using MQTT-enabled sensor networks},
  author    = {Nakamura, Takeshi and Yamamoto, Hiroshi and Tanaka, Kenji},
  journal   = {Precision Engineering},
  volume    = {58},
  pages     = {91--98},
  year      = {2019},
  publisher = {Elsevier},
  doi       = {10.1016/j.precisioneng.2019.05.012}
}

@inproceedings{lee2021wireless,
  title        = {Wireless sensor network implementation for coefficient of restitution measurement in physics laboratory},
  author       = {Lee, Hyung-Jin and Park, Sang-Wook and Kim, Jae-Hyun},
  booktitle    = {2021 International Conference on Information and Communication Technology Convergence},
  pages        = {892--897},
  year         = {2021},
  organization = {IEEE},
  doi          = {10.1109/ICTC52510.2021.9620845}
}

@phdthesis{rahman2020iot,
  title  = {IoT-based Smart Laboratory System for Physics Education Using ESP8266 and MQTT Protocol},
  author = {Rahman, Abdul},
  year   = {2020},
  school = {Institut Teknologi Bandung},
  type   = {Doctoral dissertation}
}

@article{ferrari2020material,
  title     = {Material characterization of sports balls through coefficient of restitution analysis},
  author    = {Ferrari, Antonio and Moretti, Silvia and Bianchi, Roberto},
  journal   = {Materials Science and Engineering: A},
  volume    = {789},
  pages     = {139654},
  year      = {2020},
  publisher = {Elsevier},
  doi       = {10.1016/j.msea.2020.139654}
}

@mastersthesis{sari2021analisis,
  title  = {Analisis Koefisien Restitusi Berbagai Material Bola Menggunakan Sistem Monitoring IoT Berbasis ESP8266},
  author = {Sari, Indah Permata},
  year   = {2021},
  school = {Universitas Indonesia},
  type   = {Master's thesis}
}

@inproceedings{costa2020real,
  title        = {Real-time monitoring system for physics experiments using ESP8266 and ultrasonic sensors},
  author       = {Costa, Bruno and Oliveira, Carlos and Ferreira, Daniel},
  booktitle    = {2020 IEEE Latin American Conference on Computational Intelligence},
  pages        = {1--6},
  year         = {2020},
  organization = {IEEE},
  doi          = {10.1109/LA-CCI48322.2020.9285720}
}

@book{robinson2021modern,
  title     = {Modern Physics Laboratory: IoT Integration and Data Analysis},
  author    = {Robinson, James and Taylor, Susan},
  year      = {2021},
  publisher = {Springer Nature},
  address   = {Singapore},
  edition   = {2nd},
  isbn      = {978-981-16-2847-1}
}

@article{putri2022implementasi,
  title   = {Implementasi Sensor Ultrasonik HC-SR04 dalam Sistem Monitoring Jarak Real-Time},
  author  = {Putri, Sari Indah and Rahman, Abdul and Hidayat, Wahyu},
  journal = {Jurnal Teknologi Informasi dan Komunikasi},
  volume  = {15},
  number  = {2},
  pages   = {87--95},
  year    = {2022},
  doi     = {10.15408/jti.v15i2.24587}
}

@article{widodo2021optimasi,
  title   = {Optimasi Protokol MQTT untuk Sistem Akuisisi Data Sensor dalam Aplikasi IoT Pendidikan},
  author  = {Widodo, Budi and Susanto, Agus and Maharani, Dewi},
  journal = {Jurnal Ilmu Komputer dan Informasi},
  volume  = {14},
  number  = {1},
  pages   = {45--52},
  year    = {2021},
  doi     = {10.21609/jiki.v14i1.896}
}

@mastersthesis{pratama2021pengembangan,
  title  = {Pengembangan Sistem Laboratorium Fisika Digital Berbasis Internet of Things untuk Meningkatkan Efektivitas Pembelajaran},
  author = {Pratama, Andi},
  year   = {2021},
  school = {Universitas Gadjah Mada},
  type   = {Master's thesis}
}

@article{handayani2020analisis,
  title   = {Analisis Akurasi Sensor Ultrasonik dalam Pengukuran Jarak untuk Aplikasi Pendidikan Fisika},
  author  = {Handayani, Sri and Wibowo, Eko and Nugroho, Hadi},
  journal = {Jurnal Pendidikan Fisika Indonesia},
  volume  = {16},
  number  = {2},
  pages   = {134--142},
  year    = {2020},
  doi     = {10.15294/jpfi.v16i2.24891}
}

@inproceedings{setiawan2021implementasi,
  title        = {Implementasi Sistem IoT untuk Eksperimen Fisika Berbasis Cloud Computing},
  author       = {Setiawan, Joko and Maharani, Sinta and Kurniawan, Dedi},
  booktitle    = {Prosiding Seminar Nasional Teknologi Informasi dan Komunikasi},
  pages        = {156--163},
  year         = {2021},
  organization = {Universitas Brawijaya}
}

@book{santoso2021fisika,
  title     = {Fisika Modern dengan Teknologi IoT: Teori dan Aplikasi},
  author    = {Santoso, Budi and Wulandari, Eka},
  year      = {2021},
  publisher = {Graha Ilmu},
  address   = {Yogyakarta},
  edition   = {1st},
  isbn      = {978-602-262-345-2}
}

@article{chen2020material,
  title     = {Material characterization effects on coefficient of restitution measurement accuracy},
  author    = {Chen, Li and Wang, Ming and Zhang, Yue},
  journal   = {Materials Science and Engineering: A},
  volume    = {795},
  pages     = {139923},
  year      = {2020},
  publisher = {Elsevier},
  doi       = {10.1016/j.msea.2020.139923}
}

@article{roberts2019ball,
  title     = {Ball material properties and their influence on impact dynamics},
  author    = {Roberts, James A. and Smith, David L. and Brown, Michael K.},
  journal   = {Journal of Sports Sciences},
  volume    = {37},
  number    = {12},
  pages     = {1342--1350},
  year      = {2019},
  publisher = {Taylor \& Francis},
  doi       = {10.1080/02640414.2018.1560617}
}

@inproceedings{kumar2021environmental,
  title        = {Environmental factors affecting ultrasonic sensor accuracy in IoT applications},
  author       = {Kumar, Rajesh and Patel, Anita and Singh, Manpreet},
  booktitle    = {2021 IEEE International Conference on IoT and Intelligence Systems},
  pages        = {234--239},
  year         = {2021},
  organization = {IEEE},
  doi          = {10.1109/IoTIS.2021.9472856}
}

@article{martinez2020surface,
  title     = {Surface conditions and their impact on ball restitution coefficient measurements},
  author    = {Martinez, Carlos E. and Johnson, Sarah M. and Davis, Robert L.},
  journal   = {Tribology International},
  volume    = {145},
  pages     = {106156},
  year      = {2020},
  publisher = {Elsevier},
  doi       = {10.1016/j.triboint.2019.106156}
}

@article{wilson2020temperature,
  title     = {Temperature effects on ultrasonic wave propagation in IoT sensor networks},
  author    = {Wilson, Mark J. and Thompson, Alice R. and Lee, Kevin H.},
  journal   = {Sensors and Actuators A: Physical},
  volume    = {312},
  pages     = {112108},
  year      = {2020},
  publisher = {Elsevier},
  doi       = {10.1016/j.sna.2020.112108}
}

@mastersthesis{anderson2021ball,
  title  = {Ball Diameter Effects on Coefficient of Restitution Measurement Using Ultrasonic Sensors},
  author = {Anderson, Michelle L.},
  year   = {2021},
  school = {Massachusetts Institute of Technology},
  type   = {Master's thesis}
}

@article{zhang2019air,
  title     = {Air-filled vs solid balls: Impact dynamics and energy dissipation analysis},
  author    = {Zhang, Wei and Liu, Xiaoming and Chen, Hao},
  journal   = {International Journal of Impact Engineering},
  volume    = {132},
  pages     = {103315},
  year      = {2019},
  publisher = {Elsevier},
  doi       = {10.1016/j.ijimpeng.2019.103315}
}

@book{adams2020impact,
  title     = {Impact Mechanics and Material Properties: Theory and Applications},
  author    = {Adams, Robert K. and Taylor, Jennifer M.},
  year      = {2020},
  publisher = {Academic Press},
  address   = {London},
  edition   = {3rd},
  isbn      = {978-0-12-817234-5}
}

@article{brown2021iot,
  title     = {IoT sensor network reliability for real-time physics experiments},
  author    = {Brown, Michael R. and Davis, Emily K. and Wilson, James P.},
  journal   = {IEEE Internet of Things Journal},
  volume    = {8},
  number    = {14},
  pages     = {11245--11254},
  year      = {2021},
  publisher = {IEEE},
  doi       = {10.1109/JIOT.2021.3051234}
}

@article{garcia2020secondary,
  title     = {Secondary bounce detection in automated restitution coefficient measurement systems},
  author    = {Garcia, Ana M. and Rodriguez, Pedro J. and Martinez, Luis F.},
  journal   = {Measurement Science and Technology},
  volume    = {31},
  number    = {8},
  pages     = {085002},
  year      = {2020},
  publisher = {IOP Publishing},
  doi       = {10.1088/1361-6501/ab8c12}
}
@article{chen2020material,
  title     = {Material characterization effects on coefficient of restitution measurement accuracy},
  author    = {Chen, Li and Wang, Ming and Zhang, Yue},
  journal   = {Materials Science and Engineering: A},
  volume    = {795},
  pages     = {139923},
  year      = {2020},
  publisher = {Elsevier},
  doi       = {10.1016/j.msea.2020.139923}
}

@article{roberts2019ball,
  title     = {Ball material properties and their influence on impact dynamics},
  author    = {Roberts, James A. and Smith, David L. and Brown, Michael K.},
  journal   = {Journal of Sports Sciences},
  volume    = {37},
  number    = {12},
  pages     = {1342--1350},
  year      = {2019},
  publisher = {Taylor \& Francis},
  doi       = {10.1080/02640414.2018.1560617}
}

@inproceedings{kumar2021environmental,
  title        = {Environmental factors affecting ultrasonic sensor accuracy in IoT applications},
  author       = {Kumar, Rajesh and Patel, Anita and Singh, Manpreet},
  booktitle    = {2021 IEEE International Conference on IoT and Intelligence Systems},
  pages        = {234--239},
  year         = {2021},
  organization = {IEEE},
  doi          = {10.1109/IoTIS.2021.9472856}
}

@article{martinez2020surface,
  title     = {Surface conditions and their impact on ball restitution coefficient measurements},
  author    = {Martinez, Carlos E. and Johnson, Sarah M. and Davis, Robert L.},
  journal   = {Tribology International},
  volume    = {145},
  pages     = {106156},
  year      = {2020},
  publisher = {Elsevier},
  doi       = {10.1016/j.triboint.2019.106156}
}

@article{wilson2020temperature,
  title     = {Temperature effects on ultrasonic wave propagation in IoT sensor networks},
  author    = {Wilson, Mark J. and Thompson, Alice R. and Lee, Kevin H.},
  journal   = {Sensors and Actuators A: Physical},
  volume    = {312},
  pages     = {112108},
  year      = {2020},
  publisher = {Elsevier},
  doi       = {10.1016/j.sna.2020.112108}
}

@mastersthesis{anderson2021ball,
  title  = {Ball Diameter Effects on Coefficient of Restitution Measurement Using Ultrasonic Sensors},
  author = {Anderson, Michelle L.},
  year   = {2021},
  school = {Massachusetts Institute of Technology},
  type   = {Master's thesis}
}

@article{zhang2019air,
  title     = {Air-filled vs solid balls: Impact dynamics and energy dissipation analysis},
  author    = {Zhang, Wei and Liu, Xiaoming and Chen, Hao},
  journal   = {International Journal of Impact Engineering},
  volume    = {132},
  pages     = {103315},
  year      = {2019},
  publisher = {Elsevier},
  doi       = {10.1016/j.ijimpeng.2019.103315}
}

@book{adams2020impact,
  title     = {Impact Mechanics and Material Properties: Theory and Applications},
  author    = {Adams, Robert K. and Taylor, Jennifer M.},
  year      = {2020},
  publisher = {Academic Press},
  address   = {London},
  edition   = {3rd},
  isbn      = {978-0-12-817234-5}
}

@article{brown2021iot,
  title     = {IoT sensor network reliability for real-time physics experiments},
  author    = {Brown, Michael R. and Davis, Emily K. and Wilson, James P.},
  journal   = {IEEE Internet of Things Journal},
  volume    = {8},
  number    = {14},
  pages     = {11245--11254},
  year      = {2021},
  publisher = {IEEE},
  doi       = {10.1109/JIOT.2021.3051234}
}

@article{garcia2020secondary,
  title     = {Secondary bounce detection in automated restitution coefficient measurement systems},
  author    = {Garcia, Ana M. and Rodriguez, Pedro J. and Martinez, Luis F.},
  journal   = {Measurement Science and Technology},
  volume    = {31},
  number    = {8},
  pages     = {085002},
  year      = {2020},
  publisher = {IOP Publishing},
  doi       = {10.1088/1361-6501/ab8c12}
}

